@book{DeisgOfIOT,
    author       = "Usama, H. M.",
    title        = "Design of IoT network",
    year         = "2021",
    address      = "Минск",
    publisher    = "БГУИР",
    pages        = "81",
    language     = "english"
}

@book{IoTAzure,
    author       = "Klein Scott",
    title        = "IoT solutions in Microsoft's azure IoT suite: Data acquisition and analysis in the real world",
    year         = "2017",
    address      = "Германия",
    publisher    = "APress",
    pages        = "216",
    language     = "english"
}

@book{IoTArch,
    author       = "Serpanos Dimitrios, Wolf Marilyn",
    title        = "Internet-of-things (IoT) systems: Architectures, algorithms, methodologies",
    year         = "2019",
    address      = "Швейцария",
    publisher    = "Springer International Publishing",
    pages        = "201",
    language     = "english"
}

@book{IoT,
    author       = "Кранц Мачей",
    title        = "Интернет вещей. Новая технологическая революция ",
    year         = "2018",
    address      = "Швейцария",
    publisher    = "Бомбора",
    pages        = "336",
    language     = "russian"
}

